@article{10.1093/qje/qjx016,
    author = {Dal Bรณ, Ernesto and Finan, Frederico and Folke, Olle and Persson, Torsten and Rickne, Johanna},
    title = "{Who Becomes A Politician?*}",
    journal = {The Quarterly Journal of Economics},
    volume = {132},
    number = {4},
    pages = {1877-1914},
    year = {2017},
    month = {06},
    issn = {0033-5533},
    doi = {10.1093/qje/qjx016},
    url = {https://doi.org/10.1093/qje/qjx016},
    eprint = {http://oup.prod.sis.lan/qje/article-pdf/132/4/1877/21352873/qjx016.pdf},
}


